<?xml version="1.0" encoding="UTF-8"?>
<collection xmlns:xsi="http://www.w3.org/2001/XMLSchema-instance" xsi:schemaLocation="http://www.loc.gov/MARC21/slim http://www.loc.gov/standards/marcxml/schema/MARC21slim.xsd" xmlns="http://www.loc.gov/MARC21/slim">
<record>
  <leader>00728cam a2200205I  4500</leader>
  <controlfield tag="001">5267859</controlfield>
  <controlfield tag="003">NNC</controlfield>
  <controlfield tag="005">20050423114306.0</controlfield>
  <controlfield tag="008">890227s1954    ua            000 0 araod</controlfield>
  <datafield tag="035" ind1=" " ind2=" ">
    <subfield code="a">(OCoLC)ocm23514653</subfield>
  </datafield>
  <datafield tag="035" ind1=" " ind2=" ">
    <subfield code="a">(NNC)5267859</subfield>
  </datafield>
  <datafield tag="040" ind1=" " ind2=" ">
    <subfield code="a">EYM</subfield>
    <subfield code="c">EYM</subfield>
    <subfield code="d">CGU</subfield>
  </datafield>
  <datafield tag="050" ind1=" " ind2="4">
    <subfield code="a">PJ 7850</subfield>
    <subfield code="b">.M98 Z5 M27</subfield>
  </datafield>
  <datafield tag="100" ind1="1" ind2=" ">
    <subfield code="a">Mandūr, Muḥammad,</subfield>
    <subfield code="d">1907-1965.</subfield>
  </datafield>
  <datafield tag="245" ind1="1" ind2="0">
    <subfield code="a">Khalīl Muṭrān /</subfield>
    <subfield code="c">taʾlīf Muḥammad Mandūr.</subfield>
  </datafield>
  <datafield tag="260" ind1=" " ind2=" ">
    <subfield code="a">al-Qāhirah :</subfield>
    <subfield code="b">Maktabat Nahḍat Miṣr,</subfield>
    <subfield code="c">[1954]</subfield>
  </datafield>
  <datafield tag="300" ind1=" " ind2=" ">
    <subfield code="a">54 p.</subfield>
    <subfield code="c">23 cm.</subfield>
  </datafield>
  <datafield tag="500" ind1=" " ind2=" ">
    <subfield code="a">"Muḥādarāt ulqiyat sanata 1954 alā ṭilbat Qism al-Dirāsāt al-Adabīyah bi Maʻhad al-Dirāsāt al-ʻArabīyah al-ʻĀliyah."</subfield>
  </datafield>
  <datafield tag="600" ind1="1" ind2="0">
    <subfield code="a">Muṭrān, Khalīl,</subfield>
    <subfield code="d">1872-1949.</subfield>
  </datafield>
  <datafield tag="955" ind1=" " ind2=" ">
    <subfield code="b">0026814110</subfield>
    <subfield code="d">glx</subfield>
    <subfield code="e">893.7M312 DM33</subfield>
  </datafield>
</record>
</collection>